@book{Press1992,
author = {Press, William H. and Teukolsky, Saul A. and Vetterling, William T. and Flannery, Brian P.},
title = {Numerical recipes in C (2nd ed.): the art of scientific computing},
year = {1992},
isbn = {0521431085},
publisher = {Cambridge University Press},
address = {USA}
}
